@article{Gama2014,
    title = "A survey on concept drift adaptation",
    author = "Joao Gama and Indre Zliobaite and Albert Bifet and Mykola Pechenizkiy and Abdelhamid Bouchachia",
    year = "2014",
    doi = "10.1145/2523813",
    volume = "46",
    journal = "ACM Computing Surveys",
    issn = "0360-0300",
    publisher = "Association for Computing Machinery",
    number = "4",
}

@article{Widmer1996,
    title = {Learning in the presence of concept drift and hidden contexts},
    author = {Widmer, Gerhard and Kubat, Miroslav},
    year = 1996,
    biburl = {https://www.bibsonomy.org/bibtex/2d6446ff97c8e18931273eab9f1e7324c/butz},
    description = {diverse cognitive systems bib},
    journal = {Machine Learning},
    keywords = {- Incremental concept context dependence drift forgetting learning on-line},
    pages = {69-101},
    timestamp = {2009-06-26T15:26:01.000+0200},
    volume = 23
}

@techreport{Tsymbal2004,
  author = {Tsymbal, Alexey},
  description = {diverse cognitive systems bib},
  institution = {The University of Dublin, Trinity College, Department of Computer Science},
  keywords = {imported},
  title = {The problem of concept drift: definitions and related work},
  year = 2004
}

@article{Hochreiter1997,
    author = {Hochreiter, Sepp and Schmidhuber, Jürgen},
    title = "{Long Short-Term Memory}",
    journal = {Neural Computation},
    volume = {9},
    number = {8},
    pages = {1735-1780},
    year = {1997},
    month = {11},
}

@inproceedings{BaierKSHM20,
    title = {Handling Concept Drifts in Regression Problems - the Error Intersection Approach},
    author = {Lucas Baier and Niklas Kühl and Gerhard Satzger and Marcel Hofmann and Marisa Mohr},
    year = {2020},
    doi = {10.30844/wi_2020_c1-baier},
    pages = {210-224},
    booktitle = {Entwicklungen, Chancen und Herausforderungen der Digitalisierung: Proceedings der 15. Internationalen Tagung Wirtschaftsinformatik, WI 2020, Potsdam, Germany, March 9-11, 2020. Zentrale Tracks},
    editor = {Norbert Gronau and Moreen Heine and Hanna Krasnova and K. Poustcchi},
    publisher = {GITO Verlag},
    isbn = {9783955453350},
}

@inproceedings{Baytas2017,
    author = {Baytas, Inci M. and Xiao, Cao and Zhang, Xi and Wang, Fei and Jain, Anil K. and Zhou, Jiayu},
    title = {Patient Subtyping via Time-Aware LSTM Networks},
    year = {2017},
    isbn = {9781450348874},
    publisher = {Association for Computing Machinery},
    booktitle = {Proceedings of the 23rd ACM SIGKDD International Conference on Knowledge Discovery and Data Mining},
    pages = {65–74},
    numpages = {10},
    keywords = {recurrent neural network, long-short term memory, patient subtyping},
    location = {Halifax, NS, Canada},
    series = {KDD '17}
}



@inproceedings{Hamilton2017,
    author = {Hamilton, William L. and Ying, Rex and Leskovec, Jure},
    title = {Inductive Representation Learning on Large Graphs},
    year = {2017},
    isbn = {9781510860964},
    publisher = {Curran Associates Inc.},
    address = {Red Hook, NY, USA},
    booktitle = {Proceedings of the 31st International Conference on Neural Information Processing Systems},
    pages = {1025–1035},
    numpages = {11},
    location = {Long Beach, California, USA},
    series = {NIPS'17}
}

@inproceedings{Mouss2004,
    author = {Mouss, Hayet and Mouss, M.Djamel and Mouss, Kinza and Linda, Sefouhi},
    year = {2004},
    month = {08},
    pages = {815 - 818 Vol.2},
    title = {Test of Page-Hinckley, an approach for fault detection in an agro-alimentary production system},
    isbn = {0-7803-8873-9},
    doi = {10.1109/ASCC.2004.184970}
}

@inproceedings{Bifet2007,
    author = {Bifet, Albert and Gavaldà, Ricard},
    year = {2007},
    month = {04},
    pages = {},
    title = {Learning from Time-Changing Data with Adaptive Windowing},
    volume = {7},
    journal = {Proceedings of the 7th SIAM International Conference on Data Mining},
    doi = {10.1137/1.9781611972771.42}
}

@article{Baena2006,
    author = {Baena-García, Manuel and Campo-Ávila, José and Fidalgo-Merino, Raúl and Bifet, Albert and Gavald, Ricard and Morales-Bueno, Rafael},
    year = {2006},
    month = {01},
    pages = {},
    title = {Early Drift Detection Method}
}

@inproceedings{domingos2000mining,
  title={Mining high-speed data streams},
  author={Domingos, Pedro and Hulten, Geoff},
  booktitle={Proceedings of the sixth ACM SIGKDD international conference on Knowledge discovery and data mining},
  pages={71--80},
  year={2000}
}

@article{elwell2011incremental,
  title={Incremental learning of concept drift in nonstationary environments},
  author={Elwell, Ryan and Polikar, Robi},
  journal={IEEE Transactions on Neural Networks},
  volume={22},
  number={10},
  pages={1517--1531},
  year={2011},
  publisher={IEEE}
}

@article{Wares2019,
    author = {Wares, Scott and Isaacs, John and Elyan, Eyad},
    year = {2019},
    month = {10},
    pages = {},
    title = {Data stream mining: methods and challenges for handling concept drift},
    volume = {1},
    journal = {SN Applied Sciences},
    doi = {10.1007/s42452-019-1433-0}
}

@article{Vaswani2017,
    author = {Vaswani, Ashish and Shazeer, Noam and Parmar, Niki and Uszkoreit, Jakob and Jones, Llion and Gomez, Aidan and Kaiser, Lukasz and Polosukhin, Illia},
    year = {2017},
    month = {06},
    pages = {},
    title = {Attention Is All You Need}
}

@inproceedings{hu2020heterogeneous,
  title={Heterogeneous graph transformer},
  author={Hu, Ziniu and Dong, Yuxiao and Wang, Kuansan and Sun, Yizhou},
  booktitle={Proceedings of The Web Conference 2020},
  pages={2704--2710},
  year={2020}
}

@inproceedings{zhang2020time,
 title={Time-Aware Transformer-based Network for Clinical Notes Series Prediction},
 author={Zhang, Dongyu and Thadajarassiri, Jidapa and Sen, Cansu and Rundensteiner, Elke},
 booktitle={Machine Learning for Healthcare Conference},
 pages={566--588},
 year={2020},
 organization={PMLR}
}

@misc{goodfellow2014generative,
      title={Generative Adversarial Networks}, 
      author={Ian J. Goodfellow and Jean Pouget-Abadie and Mehdi Mirza and Bing Xu and David Warde-Farley and Sherjil Ozair and Aaron Courville and Yoshua Bengio},
      year={2014},
      eprint={1406.2661},
      archivePrefix={arXiv},
      primaryClass={stat.ML}
}

@inproceedings{kristo2020case,
  title={The case for a learned sorting algorithm},
  author={Kristo, Ani and Vaidya, Kapil and {\c{C}}etintemel, Ugur and Misra, Sanchit and Kraska, Tim},
  booktitle={Proceedings of the 2020 ACM SIGMOD International Conference on Management of Data},
  pages={1001--1016},
  year={2020}
}

@inproceedings{hsu2019learning,
  title={Learning-Based Frequency Estimation Algorithms.},
  author={Hsu, Chen-Yu and Indyk, Piotr and Katabi, Dina and Vakilian, Ali},
  booktitle={International Conference on Learning Representations},
  year={2019}
}

@inproceedings{patil2021latest,
  title={LATEST: Learning-Assisted Selectivity Estimation Over Spatio-Textual Streams},
  author={Patil, Mayur and Magdy, Amr},
  booktitle={2021 IEEE 37th International Conference on Data Engineering (ICDE)},
  pages={1607--1618},
  year={2021},
  organization={IEEE}
}  

@misc{tensorflow2015-whitepaper,
title={ {TensorFlow}: Large-Scale Machine Learning on Heterogeneous Systems},
url={https://www.tensorflow.org/},
note={Software available from tensorflow.org},
author={
    Mart\'{i}n~Abadi and
    Ashish~Agarwal and
    Paul~Barham and
    Eugene~Brevdo and
    Zhifeng~Chen and
    Craig~Citro and
    Greg~S.~Corrado and
    Andy~Davis and
    Jeffrey~Dean and
    Matthieu~Devin and
    Sanjay~Ghemawat and
    Ian~Goodfellow and
    Andrew~Harp and
    Geoffrey~Irving and
    Michael~Isard and
    Yangqing Jia and
    Rafal~Jozefowicz and
    Lukasz~Kaiser and
    Manjunath~Kudlur and
    Josh~Levenberg and
    Dandelion~Man\'{e} and
    Rajat~Monga and
    Sherry~Moore and
    Derek~Murray and
    Chris~Olah and
    Mike~Schuster and
    Jonathon~Shlens and
    Benoit~Steiner and
    Ilya~Sutskever and
    Kunal~Talwar and
    Paul~Tucker and
    Vincent~Vanhoucke and
    Vijay~Vasudevan and
    Fernanda~Vi\'{e}gas and
    Oriol~Vinyals and
    Pete~Warden and
    Martin~Wattenberg and
    Martin~Wicke and
    Yuan~Yu and
    Xiaoqiang~Zheng},
  year={2015},
}

@misc{yu2021automatic,
      title={Automatic Learning to Detect Concept Drift}, 
      author={Hang Yu and Tianyu Liu and Jie Lu and Guangquan Zhang},
      year={2021},
      eprint={2105.01419},
      archivePrefix={arXiv},
      primaryClass={cs.AI}
}

@article{misra1982finding,
  title={Finding repeated elements},
  author={Misra, Jayadev and Gries, David},
  journal={Science of computer programming},
  volume={2},
  number={2},
  pages={143--152},
  year={1982},
  publisher={Elsevier}
}

@article{fan2000summary,
  title={Summary cache: a scalable wide-area web cache sharing protocol},
  author={Fan, Li and Cao, Pei and Almeida, Jussara and Broder, Andrei Z},
  journal={IEEE/ACM transactions on networking},
  volume={8},
  number={3},
  pages={281--293},
  year={2000},
  publisher={IEEE}
}

@inproceedings{ren2021rapt,
  title={RAPT: Pre-training of Time-Aware Transformer for Learning Robust Healthcare Representation},
  author={Ren, Houxing and Wang, Jingyuan and Zhao, Wayne Xin and Wu, Ning},
  booktitle={Proceedings of the 27th ACM SIGKDD Conference on Knowledge Discovery \& Data Mining},
  pages={3503--3511},
  year={2021}
}

@inproceedings{sawhney2020time,
  title={A time-aware transformer based model for suicide ideation detection on social media},
  author={Sawhney, Ramit and Joshi, Harshit and Gandhi, Saumya and Shah, Rajiv},
  booktitle={Proceedings of the 2020 Conference on Empirical Methods in Natural Language Processing (EMNLP)},
  pages={7685--7697},
  year={2020}
}

@article{cormode2005improved,
  title={An improved data stream summary: the count-min sketch and its applications},
  author={Cormode, Graham and Muthukrishnan, Shan},
  journal={Journal of Algorithms},
  volume={55},
  number={1},
  pages={58--75},
  year={2005},
  publisher={Elsevier}
}

@inproceedings{mitzenmacher2012hierarchical,
  title={Hierarchical heavy hitters with the space saving algorithm},
  author={Mitzenmacher, Michael and Steinke, Thomas and Thaler, Justin},
  booktitle={2012 Proceedings of the Fourteenth Workshop on Algorithm Engineering and Experiments (ALENEX)},
  pages={160--174},
  year={2012},
  organization={SIAM}
}

@inproceedings{thoma2009near,
  title={Near-optimal supervised feature selection among frequent subgraphs},
  author={Thoma, Marisa and Cheng, Hong and Gretton, Arthur and Han, Jiawei and Kriegel, Hans-Peter and Smola, Alex and Song, Le and Yu, Philip S and Yan, Xifeng and Borgwardt, Karsten},
  booktitle={Proceedings of the 2009 SIAM International Conference on Data Mining},
  pages={1076--1087},
  year={2009},
  organization={SIAM}
}

@article{ahmed2015semi,
  title={Semi-supervised learning using frequent itemset and ensemble learning for SMS classification},
  author={Ahmed, Ishtiaq and Ali, Rahman and Guan, Donghai and Lee, Young-Koo and Lee, Sungyoung and Chung, TaeChoong},
  journal={Expert Systems with Applications},
  volume={42},
  number={3},
  pages={1065--1073},
  year={2015},
  publisher={Elsevier}
}

@incollection{popescu2011text,
  title={Text ranking by the weight of highly frequent words},
  author={Popescu, Ioan-Iovitz},
  booktitle={Exact methods in the study of language and text},
  pages={555--566},
  year={2011},
  publisher={De Gruyter Mouton}
}

@article{chowdhury2003natural,
  title={Natural language processing},
  author={Chowdhury, Gobinda G},
  journal={Annual review of information science and technology},
  volume={37},
  number={1},
  pages={51--89},
  year={2003},
  publisher={Wiley Online Library}
}

@article{li2010mining,
  title={Mining frequent patterns from network flows for monitoring network},
  author={Li, Xin and Deng, Zhi-Hong},
  journal={Expert Systems with Applications},
  volume={37},
  number={12},
  pages={8850--8860},
  year={2010},
  publisher={Elsevier}
}

@inproceedings{paredes2010automating,
  title={Automating root-cause analysis of network anomalies using frequent itemset mining},
  author={Paredes-Oliva, Ignasi and Dimitropoulos, Xenofontas and Molina, Maurizio and Barlet-Ros, Pere and Brauckhoff, Daniela},
  booktitle={Proceedings of the ACM SIGCOMM 2010 conference},
  pages={467--468},
  year={2010}
}

@article{deng2007new,
  title={New estimation algorithms for streaming data: Count-min can do more},
  author={Deng, Fan and Rafiei, Davood},
  journal={Webdocs. Cs. Ualberta. Ca},
  year={2007},
  publisher={Citeseer}
}

@article{rovetta2020covid,
  title={COVID-19-related web search behaviors and infodemic attitudes in Italy: Infodemiological study},
  author={Rovetta, Alessandro and Bhagavathula, Akshaya Srikanth},
  journal={JMIR public health and surveillance},
  volume={6},
  number={2},
  pages={e19374},
  year={2020},
  publisher={JMIR Publications Inc., Toronto, Canada}
}

@inproceedings{mistry2016network,
  title={Network traffic measurement and analysis},
  author={Mistry, Devang and Modi, Prasad and Deokule, Kaustubh and Patel, Aditi and Patki, Harshagandha and Abuzaghleh, Omar},
  booktitle={2016 IEEE Long Island Systems, Applications and Technology Conference (LISAT)},
  pages={1--7},
  year={2016},
  organization={IEEE}
}

@inproceedings{ari2003managing,
  title={Managing flash crowds on the internet},
  author={Ari, Ismail and Hong, Bo and Miller, Ethan L and Brandt, Scott A and Long, Darrell DE},
  booktitle={11th IEEE/ACM International Symposium on Modeling, Analysis and Simulation of Computer Telecommunications Systems, 2003. MASCOTS 2003.},
  pages={246--249},
  year={2003},
  organization={IEEE}
}

@article{kotler2005role,
  title={The role played by the broadening of marketing movement in the history of marketing thought},
  author={Kotler, Philip},
  journal={Journal of Public Policy \& Marketing},
  volume={24},
  number={1},
  pages={114--116},
  year={2005},
  publisher={SAGE Publications Sage CA: Los Angeles, CA}
}

@misc{sparkes2021metaverse,
  title={What is a metaverse},
  author={Sparkes, Matthew},
  year={2021},
  publisher={Elsevier}
}

@inproceedings{jung2002flash,
  title={Flash crowds and denial of service attacks: Characterization and implications for CDNs and web sites},
  author={Jung, Jaeyeon and Krishnamurthy, Balachander and Rabinovich, Michael},
  booktitle={Proceedings of the 11th international conference on World Wide Web},
  pages={293--304},
  year={2002}
}

@inproceedings{tandon2021defending,
  title={Defending Web Servers Against Flash Crowd Attacks},
  author={Tandon, Rajat and Palia, Abhinav and Ramani, Jaydeep and Paulsen, Brandon and Bartlett, Genevieve and Mirkovic, Jelena},
  booktitle={International Conference on Applied Cryptography and Network Security},
  pages={338--361},
  year={2021},
  organization={Springer}
}

@inproceedings{huang2018sketchlearn,
  title={Sketchlearn: relieving user burdens in approximate measurement with automated statistical inference},
  author={Huang, Qun and Lee, Patrick PC and Bao, Yungang},
  booktitle={Proceedings of the 2018 Conference of the ACM Special Interest Group on Data Communication},
  pages={576--590},
  year={2018}
}

@inproceedings{li2020wavingsketch,
  title={Wavingsketch: An unbiased and generic sketch for finding top-k items in data streams},
  author={Li, Jizhou and Li, Zikun and Xu, Yifei and Jiang, Shiqi and Yang, Tong and Cui, Bin and Dai, Yafei and Zhang, Gong},
  booktitle={Proceedings of the 26th ACM SIGKDD International Conference on Knowledge Discovery \& Data Mining},
  pages={1574--1584},
  year={2020}
}

@article{tada2021mitigation,
  title={Mitigation of Flash Crowd in Web Services By Providing Feedback Information to Users},
  author={Tada, Harumasa and Murata, Masayuki and Aida, Masaki},
  journal={IEICE Transactions on Information and Systems},
  volume={104},
  number={1},
  pages={63--75},
  year={2021},
  publisher={The Institute of Electronics, Information and Communication Engineers}
}

@inproceedings{aljohani2021conducting,
  title={Conducting Malicious Cybersecurity Experiments on Crowdsourcing Platforms},
  author={Aljohani, Asmaa and Jones, James},
  booktitle={The 2021 3rd International Conference on Big Data Engineering},
  pages={150--161},
  year={2021}
}

@inproceedings{zhao2021cluster,
  title={Cluster-Reduce: Compressing Sketches for Distributed Data Streams},
  author={Zhao, Yikai and Zhong, Zheng and Li, Yuanpeng and Zhou, Yi and Zhu, Yifan and Chen, Li and Wang, Yi and Yang, Tong},
  booktitle={Proceedings of the 27th ACM SIGKDD Conference on Knowledge Discovery \& Data Mining},
  pages={2316--2326},
  year={2021}
}

@inproceedings{zhang2021cocosketch,
  title={CocoSketch: high-performance sketch-based measurement over arbitrary partial key query},
  author={Zhang, Yinda and Liu, Zaoxing and Wang, Ruixin and Yang, Tong and Li, Jizhou and Miao, Ruijie and Liu, Peng and Zhang, Ruwen and Jiang, Junchen},
  booktitle={Proceedings of the 2021 ACM SIGCOMM 2021 Conference},
  pages={207--222},
  year={2021}
}

@article{turunen2021minimum,
  title={Minimum viable Enterprise Architecture: Tailoring TOGAF to suit small company needs},
  author={Turunen, Joni},
  year={2021}
}

@article{debroy2019overcoming,
  title={Overcoming Challenges With Continuous Integration and Deployment Pipelines: An Experience Report From a Small Company},
  author={Debroy, Vidroha and Miller, Senecca},
  journal={IEEE Software},
  volume={37},
  number={3},
  pages={21--29},
  year={2019},
  publisher={IEEE}
}

@article{sousa2019managing,
  title={Managing multi-view business processes models in the Atlas tool},
  author={Sousa, Pedro and Cardoso, Diogo and Cola{\c{c}}o, Joao},
  journal={management},
  volume={5},
  pages={6},
  year={2019}
}

@inproceedings{husak2021system,
  title={System for continuous collection of contextual information for network security management and incident handling},
  author={Hus{\'a}k, Martin and La{\v{s}}tovi{\v{c}}ka, Martin and Tovar{\v{n}}{\'a}k, Daniel},
  booktitle={The 16th International Conference on Availability, Reliability and Security},
  pages={1--8},
  year={2021}
}

@article{kraska2021northstar,
  title={Northstar: An interactive data science system},
  author={Kraska, Tim},
  year={2021},
  publisher={VLDB Endowment}
}

@article{hilprecht2019deepdb,
  title={Deepdb: Learn from data, not from queries!},
  author={Hilprecht, Benjamin and Schmidt, Andreas and Kulessa, Moritz and Molina, Alejandro and Kersting, Kristian and Binnig, Carsten},
  journal={arXiv preprint arXiv:1909.00607},
  year={2019}
}

@inproceedings{hasan2020deep,
  title={Deep learning models for selectivity estimation of multi-attribute queries},
  author={Hasan, Shohedul and Thirumuruganathan, Saravanan and Augustine, Jees and Koudas, Nick and Das, Gautam},
  booktitle={Proceedings of the 2020 ACM SIGMOD International Conference on Management of Data},
  pages={1035--1050},
  year={2020}
}

@inproceedings{oikonomou2009modeling,
  title={Modeling human behavior for defense against flash-crowd attacks},
  author={Oikonomou, Georgios and Mirkovic, Jelena},
  booktitle={2009 IEEE International Conference on Communications},
  pages={1--6},
  year={2009},
  organization={IEEE}
}

@inproceedings{eichmann2020idebench,
  title={Idebench: A benchmark for interactive data exploration},
  author={Eichmann, Philipp and Zgraggen, Emanuel and Binnig, Carsten and Kraska, Tim},
  booktitle={Proceedings of the 2020 ACM SIGMOD International Conference on Management of Data},
  pages={1555--1569},
  year={2020}
}

@article{zhang2019hierarchical,
  title={Hierarchical graph pooling with structure learning},
  author={Zhang, Zhen and Bu, Jiajun and Ester, Martin and Zhang, Jianfeng and Yao, Chengwei and Yu, Zhi and Wang, Can},
  journal={arXiv preprint arXiv:1911.05954},
  year={2019}
}


@inproceedings{sivaraman2017heavy,
  title={Heavy-hitter detection entirely in the data plane},
  author={Sivaraman, Vibhaalakshmi and Narayana, Srinivas and Rottenstreich, Ori and Muthukrishnan, Shan and Rexford, Jennifer},
  booktitle={Proceedings of the Symposium on SDN Research},
  pages={164--176},
  year={2017}
}

@inproceedings{gepperth2016incremental,
  title={Incremental learning algorithms and applications},
  author={Gepperth, Alexander and Hammer, Barbara},
  booktitle={European symposium on artificial neural networks (ESANN)},
  year={2016}
}

@inproceedings{candanedo2018machine,
  title={Machine learning predictive model for industry 4.0},
  author={Candanedo, In{\'e}s Sitt{\'o}n and Nieves, Elena Hern{\'a}ndez and Gonz{\'a}lez, Sara Rodr{\'\i}guez and Mart{\'\i}n, M and Briones, Alfonso Gonz{\'a}lez},
  booktitle={International Conference on Knowledge Management in Organizations},
  pages={501--510},
  year={2018},
  organization={Springer}
}

@article{benczur2018online,
  title={Online machine learning in big data streams},
  author={Bencz{\'u}r, Andr{\'a}s A and Kocsis, Levente and P{\'a}lovics, R{\'o}bert},
  journal={arXiv preprint arXiv:1802.05872},
  year={2018}
}

@article{campos2014time,
  title={Time-aware recommender systems: a comprehensive survey and analysis of existing evaluation protocols},
  author={Campos, Pedro G and D{\'\i}ez, Fernando and Cantador, Iv{\'a}n},
  journal={User Modeling and User-Adapted Interaction},
  volume={24},
  number={1},
  pages={67--119},
  year={2014},
  publisher={Springer}
}

@article{mohan2019effective,
  title={Effective heart disease prediction using hybrid machine learning techniques},
  author={Mohan, Senthilkumar and Thirumalai, Chandrasegar and Srivastava, Gautam},
  journal={IEEE access},
  volume={7},
  pages={81542--81554},
  year={2019},
  publisher={IEEE}
}

@inproceedings{widanagamaachchi2012interactive,
  title={Interactive exploration of large-scale time-varying data using dynamic tracking graphs},
  author={Widanagamaachchi, Wathsala and Christensen, Cameron and Pascucci, Valerio and Bremer, Peer-Timo},
  booktitle={IEEE symposium on large data analysis and visualization (LDAV)},
  pages={9--17},
  year={2012},
  organization={IEEE}
}

@article{chen2014deep,
  title={Deep learning-based classification of hyperspectral data},
  author={Chen, Yushi and Lin, Zhouhan and Zhao, Xing and Wang, Gang and Gu, Yanfeng},
  journal={IEEE Journal of Selected topics in applied earth observations and remote sensing},
  volume={7},
  number={6},
  pages={2094--2107},
  year={2014},
  publisher={IEEE}
}

@inproceedings{wu2019large,
  title={Large scale incremental learning},
  author={Wu, Yue and Chen, Yinpeng and Wang, Lijuan and Ye, Yuancheng and Liu, Zicheng and Guo, Yandong and Fu, Yun},
  booktitle={Proceedings of the IEEE/CVF Conference on Computer Vision and Pattern Recognition},
  pages={374--382},
  year={2019}
}

@article{wu2019real,
  title={Real-time adaptive machine-learning-based predictive control of nonlinear processes},
  author={Wu, Zhe and Rincon, David and Christofides, Panagiotis D},
  journal={Industrial \& Engineering Chemistry Research},
  volume={59},
  number={6},
  pages={2275--2290},
  year={2019},
  publisher={ACS Publications}
}

@article{lee2020clinical,
  title={Clinical applications of continual learning machine learning},
  author={Lee, Cecilia S and Lee, Aaron Y},
  journal={The Lancet Digital Health},
  volume={2},
  number={6},
  pages={e279--e281},
  year={2020},
  publisher={Elsevier}
}

@article{liang2018weakly,
  title={Weakly supervised biomedical image segmentation by reiterative learning},
  author={Liang, Qiaokang and Nan, Yang and Coppola, Gianmarc and Zou, Kunglin and Sun, Wei and Zhang, Dan and Wang, Yaonan and Yu, Guanzhen},
  journal={IEEE Journal of biomedical and health informatics},
  volume={23},
  number={3},
  pages={1205--1214},
  year={2018},
  publisher={IEEE}
}

@article{botu2015adaptive,
  title={Adaptive machine learning framework to accelerate ab initio molecular dynamics},
  author={Botu, Venkatesh and Ramprasad, Rampi},
  journal={International Journal of Quantum Chemistry},
  volume={115},
  number={16},
  pages={1074--1083},
  year={2015},
  publisher={Wiley Online Library}
}

@article{yu2019review,
  title={A review of recurrent neural networks: LSTM cells and network architectures},
  author={Yu, Yong and Si, Xiaosheng and Hu, Changhua and Zhang, Jianxun},
  journal={Neural computation},
  volume={31},
  number={7},
  pages={1235--1270},
  year={2019},
  publisher={MIT Press One Rogers Street, Cambridge, MA 02142-1209, USA journals-info~…}
}

@article{mou2019t,
  title={T-LSTM: A long short-term memory neural network enhanced by temporal information for traffic flow prediction},
  author={Mou, Luntian and Zhao, Pengfei and Xie, Haitao and Chen, Yanyan},
  journal={Ieee Access},
  volume={7},
  pages={98053--98060},
  year={2019},
  publisher={IEEE}
}

@inproceedings{he2016deep,
  title={Deep residual learning for image recognition},
  author={He, Kaiming and Zhang, Xiangyu and Ren, Shaoqing and Sun, Jian},
  booktitle={Proceedings of the IEEE conference on computer vision and pattern recognition},
  pages={770--778},
  year={2016}
}
