@article{isinkaye2015recommendation,
  title={Recommendation systems: Principles, methods and evaluation},
  author={Isinkaye, Folasade Olubusola and Folajimi, YO and Ojokoh, Bolande Adefowoke},
  journal={Egyptian Informatics Journal},
  volume={16},
  number={3},
  pages={261--273},
  year={2015},
  publisher={Elsevier}
}

@book{kissell2020algorithmic,
  title={Algorithmic Trading Methods: Applications Using Advanced Statistics, Optimization, and Machine Learning Techniques},
  author={Kissell, R.},
  isbn={9780128156315},
  url={https://books.google.de/books?id=rpfgDwAAQBAJ},
  year={2020},
  publisher={Elsevier Science}
}

@article{booth2014automated,
  title={Automated trading with performance weighted random forests and seasonality},
  author={Booth, Ash and Gerding, Enrico and McGroarty, Frank},
  journal={Expert Systems with Applications},
  volume={41},
  number={8},
  pages={3651--3661},
  year={2014},
  publisher={Elsevier}
}

@article{schwartz2004doing,
  title={Doing better but feeling worse: The paradox of choice},
  author={Schwartz, Barry and Ward, Andrew},
  journal={Positive psychology in practice},
  pages={86--104},
  year={2004},
  publisher={Wiley Online Library}
}

@article{rohde2018recogym,
  title={Recogym: A reinforcement learning environment for the problem of product recommendation in online advertising},
  author={Rohde, David and Bonner, Stephen and Dunlop, Travis and Vasile, Flavian and Karatzoglou, Alexandros},
  journal={arXiv preprint arXiv:1808.00720},
  year={2018}
}

@misc{netflixmovie,
title={The Social Dilemma},
url={https://www.netflix.com/de-en/title/81254224}, journal={Netflix Official Site}, year={2020}, month={8}}

@article{melville2010recommender,
  title={Recommender systems.},
  author={Melville, Prem and Sindhwani, Vikas},
  journal={Encyclopedia of machine learning},
  volume={1},
  pages={829--838},
  year={2010}
}

@article{wang2019survey,
  title={A survey on session-based recommender systems},
  author={Wang, Shoujin and Cao, Longbing and Wang, Yan and Sheng, Quan Z and Orgun, Mehmet and Lian, Defu},
  journal={arXiv preprint arXiv:1902.04864},
  year={2019}
}

@article{wang2019sequential,
  title={Sequential recommender systems: challenges, progress and prospects},
  author={Wang, Shoujin and Hu, Liang and Wang, Yan and Cao, Longbing and Sheng, Quan Z and Orgun, Mehmet},
  journal={arXiv preprint arXiv:2001.04830},
  year={2019}
}

@article{tsymbal2004problem,
  title={The problem of concept drift: definitions and related work},
  author={Tsymbal, Alexey},
  journal={Computer Science Department, Trinity College Dublin},
  volume={106},
  number={2},
  pages={58},
  year={2004},
  publisher={Citeseer}
}

@inproceedings{sun2019bert4rec,
  title={BERT4Rec: Sequential recommendation with bidirectional encoder representations from transformer},
  author={Sun, Fei and Liu, Jun and Wu, Jian and Pei, Changhua and Lin, Xiao and Ou, Wenwu and Jiang, Peng},
  booktitle={Proceedings of the 28th ACM international conference on information and knowledge management},
  pages={1441--1450},
  year={2019}
}

@article{devlin2018bert,
  title={Bert: Pre-training of deep bidirectional transformers for language understanding},
  author={Devlin, Jacob and Chang, Ming-Wei and Lee, Kenton and Toutanova, Kristina},
  journal={arXiv preprint arXiv:1810.04805},
  year={2018}
}

@article{hubel1968receptive,
  title={Receptive fields and functional architecture of monkey striate cortex},
  author={Hubel, David H and Wiesel, Torsten N},
  journal={The Journal of physiology},
  volume={195},
  number={1},
  pages={215--243},
  year={1968},
  publisher={Wiley Online Library}
}

@inproceedings{tang2018personalized,
  title={Personalized top-n sequential recommendation via convolutional sequence embedding},
  author={Tang, Jiaxi and Wang, Ke},
  booktitle={Proceedings of the Eleventh ACM International Conference on Web Search and Data Mining},
  pages={565--573},
  year={2018}
}

@inproceedings{rendlefactorizing,
  title={Factorizing personalized markov chains for next-basket recommendation},
  author={Rendle, Steffen and Freudenthaler, Christoph and Schmidt-Thieme, Lars},
  booktitle={Proceedings of the 19th international conference on World wide web},
  pages={811--820},
  year={2010}
}

@book{kemeny1976markov,
  title={Markov chains},
  author={Kemeny, John G and Snell, J Laurie},
  volume={6},
  year={1976},
  publisher={Springer-Verlag, New York}
}

@article{koren2009matrix,
  title={Matrix factorization techniques for recommender systems},
  author={Koren, Yehuda and Bell, Robert and Volinsky, Chris},
  journal={Computer},
  volume={42},
  number={8},
  pages={30--37},
  year={2009},
  publisher={IEEE}
}

@article{yi2012wisdom,
  title={The wisdom of the crowd in combinatorial problems},
  author={Yi, Sheng Kung Michael and Steyvers, Mark and Lee, Michael D and Dry, Matthew J},
  journal={Cognitive science},
  volume={36},
  number={3},
  pages={452--470},
  year={2012},
  publisher={Wiley Online Library}
}

@inproceedings{dietterich2000ensemble,
  title={Ensemble methods in machine learning},
  author={Dietterich, Thomas G},
  booktitle={International workshop on multiple classifier systems},
  pages={1--15},
  year={2000},
  organization={Springer}
}

@book{ibe2013markov,
  title={Markov processes for stochastic modeling},
  author={Ibe, Oliver},
  year={2013},
  publisher={Newnes}
}

@article{portugal2018use,
  title={The use of machine learning algorithms in recommender systems: A systematic review},
  author={Portugal, Ivens and Alencar, Paulo and Cowan, Donald},
  journal={Expert Systems with Applications},
  volume={97},
  pages={205--227},
  year={2018},
  publisher={Elsevier}
}

@misc{Netflixprize,
  title = {Netflix Recommendations: Beyond the 5 stars},
  howpublished = {\url{https://netflixtechblog.com/netflix-recommendations-beyond-the-5-stars-part-1-55838468f429}},
  note = {Accessed: 2021-06-21}
}

@book{geron2019hands,
  title={Hands-on machine learning with Scikit-Learn, Keras, and TensorFlow: Concepts, tools, and techniques to build intelligent systems},
  author={G{\'e}ron, Aur{\'e}lien},
  year={2019},
  publisher={O'Reilly Media}
}

@article{harper2015movielens,
  title={The movielens datasets: History and context},
  author={Harper, F Maxwell and Konstan, Joseph A},
  journal={Acm transactions on interactive intelligent systems (tiis)},
  volume={5},
  number={4},
  pages={1--19},
  year={2015},
  publisher={ACM New York, NY, USA}
}

@misc{Movielens,
  title = {MovieLens},
  howpublished = {\url{https://movielens.org/}},
  note = {Accessed: 2021-06-25}
}

@misc{Amazon,
  title = {Amazon review data},
  howpublished = {\url{http://jmcauley.ucsd.edu/data/amazon/}},
  note = {Accessed: 2021-06-26}
}

@inproceedings{kang2018self,
  title={Self-attentive sequential recommendation},
  author={Kang, Wang-Cheng and McAuley, Julian},
  booktitle={2018 IEEE International Conference on Data Mining (ICDM)},
  pages={197--206},
  year={2018},
  organization={IEEE}
}

@misc{Tensorflow,
  title = {Effective TensorFlow 2},
  howpublished = {\url{https://www.tensorflow.org/guide/effective_tf2}},
  note = {Accessed: 2021-07-01}
}

@misc{Githubbert4rec,
  title = {BERT4Rec},
  howpublished = {\url{https://github.com/FeiSun/BERT4Rec}},
  note = {Accessed: 2021-07-01}
}

@misc{Githubbert,
  title = {Bert},
  howpublished = {\url{https://github.com/google-research/bert}},
  note = {Accessed: 2021-07-01}
}

@article{kingma2014adam,
  title={Adam: A method for stochastic optimization},
  author={Kingma, Diederik P and Ba, Jimmy},
  journal={arXiv preprint arXiv:1412.6980},
  year={2014}
}

@article{hawkins2004problem,
  title={The problem of overfitting},
  author={Hawkins, Douglas M},
  journal={Journal of chemical information and computer sciences},
  volume={44},
  number={1},
  pages={1--12},
  year={2004},
  publisher={ACS Publications}
}

@misc{seqrecsota,
  title = {seqrec-sota},
  howpublished = {\url{https://github.com/lizikang/seqrec-sota}},
  note = {Accessed: 2021-07-05}
}

@misc{recsyschallenge,
  title = {RecSys Challenge 2021},
  howpublished = {\url{http://www.recsyschallenge.com/2021}},
  note = {Accessed: 2021-07-14}
}

@article{banfieldensemble,
  title={Ensemble diversity measures and their application to thinning},
  author={Banfield, Robert E and Hall, Lawrence O and Bowyer, Kevin W and Kegelmeyer, W Philip},
  journal={Information Fusion},
  volume={6},
  number={1},
  pages={49--62},
  year={2005},
  publisher={Elsevier}
}

@article{wolpert1992stacked,
  title={Stacked generalization},
  author={Wolpert, David H},
  journal={Neural networks},
  volume={5},
  number={2},
  pages={241--259},
  year={1992},
  publisher={Elsevier}
}

@inproceedings{pavlyshenko2018using,
  title={Using stacking approaches for machine learning models},
  author={Pavlyshenko, Bohdan},
  booktitle={2018 IEEE Second International Conference on Data Stream Mining \& Processing (DSMP)},
  pages={255--258},
  year={2018},
  organization={IEEE}
}

@incollection{sikora2015modified,
  title={A modified stacking ensemble machine learning algorithm using genetic algorithms},
  author={Sikora, Riyaz and others},
  booktitle={Handbook of research on organizational transformations through big data analytics},
  pages={43--53},
  year={2015},
  publisher={IGi Global}
}

@article{dvzeroski2004combining,
  title={Is combining classifiers with stacking better than selecting the best one?},
  author={D{\v{z}}eroski, Saso and {\v{Z}}enko, Bernard},
  journal={Machine learning},
  volume={54},
  number={3},
  pages={255--273},
  year={2004},
  publisher={Springer}
}

@article{sagi2018ensemble,
  title={Ensemble learning: A survey},
  author={Sagi, Omer and Rokach, Lior},
  journal={Wiley Interdisciplinary Reviews: Data Mining and Knowledge Discovery},
  volume={8},
  number={4},
  pages={e1249},
  year={2018},
  publisher={Wiley Online Library}
}

@article{minkuimpact,
  title={The impact of diversity on online ensemble learning in the presence of concept drift},
  author={Minku, Leandro L and White, Allan P and Yao, Xin},
  journal={IEEE Transactions on knowledge and Data Engineering},
  volume={22},
  number={5},
  pages={730--742},
  year={2009},
  publisher={IEEE}
}

@inproceedings{bifetnew,
  title={New ensemble methods for evolving data streams},
  author={Bifet, Albert and Holmes, Geoff and Pfahringer, Bernhard and Kirkby, Richard and Gavalda, Ricard},
  booktitle={Proceedings of the 15th ACM SIGKDD international conference on Knowledge discovery and data mining},
  pages={139--148},
  year={2009}
}

@article{kolterdynamic,
  title={Dynamic weighted majority: An ensemble method for drifting concepts},
  author={Kolter, J Zico and Maloof, Marcus A},
  journal={The Journal of Machine Learning Research},
  volume={8},
  pages={2755--2790},
  year={2007},
  publisher={JMLR. org}
}

@article{breimanstacked,
  title={Stacked regressions},
  author={Breiman, Leo},
  journal={Machine learning},
  volume={24},  
  number={1},
  pages={49--64},
  year={1996},
  publisher={Springer}
}

@article{sillfeature,
  title={Feature-weighted linear stacking},
  author={Sill, Joseph and Tak{\'a}cs, G{\'a}bor and Mackey, Lester and Lin, David},
  journal={arXiv preprint arXiv:0911.0460},
  year={2009}
}

@inproceedings{ying2018graph,
  title={Graph convolutional neural networks for web-scale recommender systems},
  author={Ying, Rex and He, Ruining and Chen, Kaifeng and Eksombatchai, Pong and Hamilton, William L and Leskovec, Jure},
  booktitle={Proceedings of the 24th ACM SIGKDD International Conference on Knowledge Discovery \& Data Mining},
  pages={974--983},
  year={2018}
}

@article{jaderberg2017population,
  title={Population based training of neural networks},
  author={Jaderberg, Max and Dalibard, Valentin and Osindero, Simon and Czarnecki, Wojciech M and Donahue, Jeff and Razavi, Ali and Vinyals, Oriol and Green, Tim and Dunning, Iain and Simonyan, Karen and others},
  journal={arXiv preprint arXiv:1711.09846},
  year={2017}
}

@inproceedings{vaswani2017attention,
  title={Attention is all you need},
  author={Vaswani, Ashish and Shazeer, Noam and Parmar, Niki and Uszkoreit, Jakob and Jones, Llion and Gomez, Aidan N and Kaiser, {\L}ukasz and Polosukhin, Illia},
  booktitle={Advances in neural information processing systems},
  pages={5998--6008},
  year={2017}
}

@misc{googleaiblog,
  title = {Google AI Blog},
  howpublished = {\url{https://ai.googleblog.com/2020/06/recent-advances-in-google-translate.html}},
  note = {Accessed: 2021-10-25}
}

@misc{theillustratedtransformer,
  title = {The Illustrated Transformer},
  howpublished = {\url{http://jalammar.github.io/illustrated-transformer/}},
  note = {Accessed: 2021-10-27}
}

@misc{softmax,
  title = {The Softmax Function},
  howpublished = {\url{https://deepai.org/machine-learning-glossary-and-terms/softmax-layer}},
  note = {Accessed: 2021-10-28}
}

@article{sun2019learning,
  title={Learning video representations using contrastive bidirectional transformer},
  author={Sun, Chen and Baradel, Fabien and Murphy, Kevin and Schmid, Cordelia},
  journal={arXiv preprint arXiv:1906.05743},
  year={2019}
}

@inproceedings{heidari2020semantic,
  title={Semantic convolutional neural network model for safe business investment by using bert},
  author={Heidari, Maryam and Rafatirad, Setareh},
  booktitle={2020 Seventh International Conference on Social Networks Analysis, Management and Security (SNAMS)},
  pages={1--6},
  year={2020},
  organization={IEEE}
}

@article{he2019hsi,
  title={HSI-BERT: Hyperspectral image classification using the bidirectional encoder representation from transformers},
  author={He, Ji and Zhao, Lina and Yang, Hongwei and Zhang, Mengmeng and Li, Wei},
  journal={IEEE Transactions on Geoscience and Remote Sensing},
  volume={58},
  number={1},
  pages={165--178},
  year={2019},
  publisher={IEEE}
}

@inproceedings{shao2021degree,
  title={Degree Planning with PLAN-BERT: Multi-Semester Recommendation Using Future Courses of Interest},
  author={Shao, Erzhuo and Guo, Shiyuan and Pardos, Zachary A},
  booktitle={Proceedings of the AAAI Conference on Artificial Intelligence},
  volume={35},
  number={17},
  pages={14920--14929},
  year={2021}
}

@article{shang2019pre,
  title={Pre-training of graph augmented transformers for medication recommendation},
  author={Shang, Junyuan and Ma, Tengfei and Xiao, Cao and Sun, Jimeng},
  journal={arXiv preprint arXiv:1906.00346},
  year={2019}
}

@inproceedings{jia2021rmbert,
  title={RMBERT: News Recommendation via Recurrent Reasoning Memory Network over BERT},
  author={Jia, Qinglin and Li, Jingjie and Zhang, Qi and He, Xiuqiang and Zhu, Jieming},
  booktitle={Proceedings of the 44th International ACM SIGIR Conference on Research and Development in Information Retrieval},
  pages={1773--1777},
  year={2021}
}

@article{yang2019xlnet,
  title={Xlnet: Generalized autoregressive pretraining for language understanding},
  author={Yang, Zhilin and Dai, Zihang and Yang, Yiming and Carbonell, Jaime and Salakhutdinov, Russ R and Le, Quoc V},
  journal={Advances in neural information processing systems},
  volume={32},
  year={2019}
}

@article{liu2019roberta,
  title={Roberta: A robustly optimized bert pretraining approach},
  author={Liu, Yinhan and Ott, Myle and Goyal, Naman and Du, Jingfei and Joshi, Mandar and Chen, Danqi and Levy, Omer and Lewis, Mike and Zettlemoyer, Luke and Stoyanov, Veselin},
  journal={arXiv preprint arXiv:1907.11692},
  year={2019}
}

@article{zimdars2013using,
  title={Using temporal data for making recommendations},
  author={Zimdars, Andrew and Chickering, David Maxwell and Meek, Christopher},
  journal={arXiv preprint arXiv:1301.2320},
  year={2013}
}

@inproceedings{hu2008collaborative,
  title={Collaborative filtering for implicit feedback datasets},
  author={Hu, Yifan and Koren, Yehuda and Volinsky, Chris},
  booktitle={2008 Eighth IEEE International Conference on Data Mining},
  pages={263--272},
  year={2008},
  organization={Ieee}
}

@inproceedings{dacrema2019we,
  title={Are we really making much progress? A worrying analysis of recent neural recommendation approaches},
  author={Dacrema, Maurizio Ferrari and Cremonesi, Paolo and Jannach, Dietmar},
  booktitle={Proceedings of the 13th ACM Conference on Recommender Systems},
  pages={101--109},
  year={2019}
}

@article{lan2019albert,
  title={Albert: A lite bert for self-supervised learning of language representations},
  author={Lan, Zhenzhong and Chen, Mingda and Goodman, Sebastian and Gimpel, Kevin and Sharma, Piyush and Soricut, Radu},
  journal={arXiv preprint arXiv:1909.11942},
  year={2019}
}

@article{brown2020language,
  title={Language models are few-shot learners},
  author={Brown, Tom B and Mann, Benjamin and Ryder, Nick and Subbiah, Melanie and Kaplan, Jared and Dhariwal, Prafulla and Neelakantan, Arvind and Shyam, Pranav and Sastry, Girish and Askell, Amanda and others},
  journal={arXiv preprint arXiv:2005.14165},
  year={2020}
}

@article{mou2019t,
  title={T-LSTM: A long short-term memory neural network enhanced by temporal information for traffic flow prediction},
  author={Mou, Luntian and Zhao, Pengfei and Xie, Haitao and Chen, Yanyan},
  journal={Ieee Access},
  volume={7},
  pages={98053--98060},
  year={2019},
  publisher={IEEE}
}

@inproceedings{finn2017model,
  title={Model-agnostic meta-learning for fast adaptation of deep networks},
  author={Finn, Chelsea and Abbeel, Pieter and Levine, Sergey},
  booktitle={International Conference on Machine Learning},
  pages={1126--1135},
  year={2017},
  organization={PMLR}
}

@inproceedings{hsu2019learning,
  title={Learning-Based Frequency Estimation Algorithms.},
  author={Hsu, Chen-Yu and Indyk, Piotr and Katabi, Dina and Vakilian, Ali},
  booktitle={International Conference on Learning Representations},
  year={2019}
}

@article{shlezinger2020model,
  title={Model-based deep learning},
  author={Shlezinger, Nir and Whang, Jay and Eldar, Yonina C and Dimakis, Alexandros G},
  journal={arXiv preprint arXiv:2012.08405},
  year={2020}
}

@inproceedings{yoon2019fast,
  title={Fast and accurate anomaly detection in dynamic graphs with a two-pronged approach},
  author={Yoon, Minji and Hooi, Bryan and Shin, Kijung and Faloutsos, Christos},
  booktitle={Proceedings of the 25th ACM SIGKDD International Conference on Knowledge Discovery \& Data Mining},
  pages={647--657},
  year={2019}
}

@inproceedings{yoon2018fast,
  title={Fast and accurate random walk with restart on dynamic graphs with guarantees},
  author={Yoon, Minji and Jin, Woojeong and Kang, U},
  booktitle={Proceedings of the 2018 World Wide Web Conference},
  pages={409--418},
  year={2018}
}

@inproceedings{jin2019latent,
  title={Latent network summarization: Bridging network embedding and summarization},
  author={Jin, Di and Rossi, Ryan A and Koh, Eunyee and Kim, Sungchul and Rao, Anup and Koutra, Danai},
  booktitle={Proceedings of the 25th ACM SIGKDD International Conference on Knowledge Discovery \& Data Mining},
  pages={987--997},
  year={2019}
}

@inproceedings{fan2021heterogeneous,
  title={Heterogeneous Temporal Graph Transformer: An Intelligent System for Evolving Android Malware Detection},
  author={Fan, Yujie and Ju, Mingxuan and Hou, Shifu and Ye, Yanfang and Wan, Wenqiang and Wang, Kui and Mei, Yinming and Xiong, Qi},
  booktitle={Proceedings of the 27th ACM SIGKDD Conference on Knowledge Discovery \& Data Mining},
  pages={2831--2839},
  year={2021}
}

@inproceedings{hu2020heterogeneous,
  title={Heterogeneous graph transformer},
  author={Hu, Ziniu and Dong, Yuxiao and Wang, Kuansan and Sun, Yizhou},
  booktitle={Proceedings of The Web Conference 2020},
  pages={2704--2710},
  year={2020}
}

@article{hamilton2017inductive,
  title={Inductive representation learning on large graphs},
  author={Hamilton, Will and Ying, Zhitao and Leskovec, Jure},
  journal={Advances in neural information processing systems},
  volume={30},
  year={2017}
}

@article{dacrema2021troubling,
  title={A troubling analysis of reproducibility and progress in recommender systems research},
  author={Dacrema, Maurizio Ferrari and Boglio, Simone and Cremonesi, Paolo and Jannach, Dietmar},
  journal={ACM Transactions on Information Systems (TOIS)},
  volume={39},
  number={2},
  pages={1--49},
  year={2021},
  publisher={ACM New York, NY, USA}
}

@article{ergen2017efficient,
  title={Efficient online learning algorithms based on LSTM neural networks},
  author={Ergen, Tolga and Kozat, Suleyman Serdar},
  journal={IEEE transactions on neural networks and learning systems},
  volume={29},
  number={8},
  pages={3772--3783},
  year={2017},
  publisher={IEEE}
}

@inproceedings{falkner2018bohb,
  title={BOHB: Robust and efficient hyperparameter optimization at scale},
  author={Falkner, Stefan and Klein, Aaron and Hutter, Frank},
  booktitle={International Conference on Machine Learning},
  pages={1437--1446},
  year={2018},
  organization={PMLR}
}

@incollection{feurer2019hyperparameter,
  title={Hyperparameter optimization},
  author={Feurer, Matthias and Hutter, Frank},
  booktitle={Automated machine learning},
  pages={3--33},
  year={2019},
  publisher={Springer, Cham}
}

@article{misra1982finding,
  title={Finding repeated elements},
  author={Misra, Jayadev and Gries, David},
  journal={Science of computer programming},
  volume={2},
  number={2},
  pages={143--152},
  year={1982},
  publisher={Elsevier}
}

@article{fan2000summary,
  title={Summary cache: a scalable wide-area web cache sharing protocol},
  author={Fan, Li and Cao, Pei and Almeida, Jussara and Broder, Andrei Z},
  journal={IEEE/ACM transactions on networking},
  volume={8},
  number={3},
  pages={281--293},
  year={2000},
  publisher={IEEE}
}

@article{cormode2005improved,
  title={An improved data stream summary: the count-min sketch and its applications},
  author={Cormode, Graham and Muthukrishnan, Shan},
  journal={Journal of Algorithms},
  volume={55},
  number={1},
  pages={58--75},
  year={2005},
  publisher={Elsevier}
}

@inproceedings{metwally2005efficient,
  title={Efficient computation of frequent and top-k elements in data streams},
  author={Metwally, Ahmed and Agrawal, Divyakant and El Abbadi, Amr},
  booktitle={International conference on database theory},
  pages={398--412},
  year={2005},
  organization={Springer}
}

@inproceedings{lee2021sunrise,
  title={Sunrise: A simple unified framework for ensemble learning in deep reinforcement learning},
  author={Lee, Kimin and Laskin, Michael and Srinivas, Aravind and Abbeel, Pieter},
  booktitle={International Conference on Machine Learning},
  pages={6131--6141},
  year={2021},
  organization={PMLR}
}